@string{SP="IEEE Security and Privacy Magazine"}
@string{CODASPY="ACM Conference on Data and Application Security and Privacy"}
@string{ATC="Usenix Annual Technical Conference"}
@string{CSUR="ACM Computing Surveys"}
@string{RTSS="Real-Time Systems Symposium"}
@string{arXiv="arXiv Technical Report"}
@string{LangSec="Language-theoretic Security IEEE Security and Privacy Workshop"}
@string{CCS="ACM Conference on Computer and Communication Security"}
@string{IOTSP="Workshop on the Internet of Things Security and Privacy"}
@string{NDSS="Network and Distributed System Security Symposium"}
@string{ISPASS="International Symposium on Performance Analysis of Systems and Software"}
@string{CCC="Chaos Communication Congress"}
@string{NSPW="New Security Paradigms Workshop"}
@string{BHEU="BlackHat Europe"}
@string{TR="Technical Report"}
@string{PLDI="ACM International Conference on Programming Language Design and Implementation"}
@string{EuroSP="IEEE European Symposium on Security and Privacy"}
@string{SS3P="Open Textbook"}
@string{DIMVA="Conference on Detection of Intrusions and Malware and Vulnerability Assessment"}
@string{ISMM="ACM SIGPLAN International Symposium on Memory Management"}
@string{ESSoS="Int'l. Symp. on Eng. Secure Software and Systems"}
@string{SEC="Usenix Security Symposium"}
@string{IMC="ACM Internet Measurement Conference"}
@string{TSE="IEEE Transactions on Software Engineering"}
@string{CC="International Conference on Compiler Construction"}
@string{STM="International Workshop on Security and Trust Management"}
@string{ArmsRace="The Continuing Arms Race"}
@string{TRB="Transportation Research Board"}
@string{FEAST="Forming an Ecosystem Around Software Transformation"}
@string{DSN="IEEE/IFIP International Conference on Dependable Systems and Networks"}
@string{SyScan360="Symposium on Security for Asia Network + 360"}
@string{BalCCon="Balkan Computer Congress"}
@string{DSAL="AOSD workshop on Domain-Specific Aspect Languages"}
@string{ESORICS="European Symposium on Research in Computer Security"}
@string{WOOT="Usenix Workshop on Offensive Technologies"}
@string{TIFS="IEEE Transactions on Information Forensics and Security"}
@string{HotSWUp="Usenix Workshop on Hot Topics in Software Upgrades"}
@string{AsiaCCS="ACM Symp. on InformAtion, Computer and Communications Security"}
@string{AMAS-BT="Workshop on Architectural and Microarchitectural Support for Binary Translation"}
@string{PPREW="Program Protection and Reverse Engineering Workshop"}
@string{SYSTOR="ACM International Systems and Storage Conference"}
@string{VEE="ACM International Conference on Virtual Execution Environments"}
@string{OSDI="Usenix Symposium on Operating Systems Design and Implementation"}
@string{Oakland="IEEE International Symposium on Security and Privacy"}
@string{PST="IEEE Conference on Privacy, Security, and Trust"}


% project breathe
@misc{breathe, title={magic bullet – digital healthcare solutions}, url={https://magicbullet.co.uk/},journal={Magicbullet.co.uk}, urldate = {2021-07-15}}

@misc{bach_2020, title={How a cloud-based solution is transforming care for people with cystic fibrosis}, url={https://news.microsoft.com/innovation-stories/project-breathe-cystic-fibrosis/}, journal={Innovation Stories}, author={Bach, Deborah}, year={2020}, urldate = {2021-07-15}}

%  CF
@article{bell_mall_2020, title={The future of cystic fibrosis care: a global perspective}, volume={8}, DOI={10.1016/s2213-2600(19)30337-6}, number={1}, journal={The Lancet Respiratory Medicine}, author={Bell, Scott C and Mall, Marcus A and Gutierrez, Hector and Macek, Milan and Madge, Susan and Davies, Jane C and Burgel, Pierre-Régis and Tullis, Elizabeth and Castaños, Claudio and Castellani, Carlo and et al.}, year={2020}, pages={65–124}}

@article{ratjen_bell_2015, title={Cystic fibrosis},volume={1}, DOI={10.1038/nrdp.2015.10},  number={1},  journal={Nature Reviews Disease Primers},  author={Ratjen, Felix and Bell, Scott C. and Rowe, Steven M. and Goss, Christopher H. and Quittner, Alexandra L. and Bush, Andrew},  year={2015}}

@article{elborn_2016,  title={Cystic fibrosis},  volume={388},  DOI={10.1016/s0140-6736(16)00576-6},  number={10059},  journal={The Lancet},  author={Elborn, J Stuart},  year={2016},  pages={2519-2531}}

@misc{cff_registry_2019,  title={Cystic Fibrosis Foundation Patient Registry 2018 Annual Data Report},  url={https://cff.org/Research/Researcher-Resources/Patient-Registry/2018-Patient-Registry-Annual-Data-Report.pdf},  author={Bethesda},  year={2019}}

@misc{uk_resigtry_2019,  title={UK Cystic Fibrosis Registry - Annual Data Report 2018},  author={UK Cystic Fibrosis Trust},  year={2019}}


@article{britto_2002,  title={Impact of Recent Pulmonary Exacerbations on Quality of Life in Patients With Cystic Fibrosis},  volume={121},  DOI={10.1378/chest.121.1.64},  number={1},  journal={Chest},  author={Britto, Maria T. and Kotagal, Uma R. and Hornung, Richard W. and Atherton, Harry D. and Tsevat, Joel and Wilmott, Robert W.},  year={2002},  pages={64-72}}

@article{liou_2001,  title={Predictive 5-Year Survivorship Model of Cystic Fibrosis},  volume={153},  DOI={10.1093/aje/153.4.345},  number={4},  journal={American Journal of Epidemiology},  author={Liou, Theodore G. and Adler, Frederick R. and FitzSimmons, Stacey C. and Cahill, Barbara C. and Hibbs, Jonathan R. and Marshall, Bruce C.},  year={2001},  pages={345-352}}

@article{goss_2007,  title={Exacerbations in cystic fibrosis {middle dot} 1: Epidemiology and pathogenesis},  volume={62},  DOI={10.1136/thx.2006.060889},  number={4},  journal={Thorax},  author={Goss, C. H and Burns, J. L},  year={2007},  pages={360-367}}

@article{bilton_2011,  title={Pulmonary exacerbation: Towards a definition for use in clinical trials. Report from the EuroCareCF Working Group on outcome parameters in clinical trials},  volume={10},  DOI={10.1016/s1569-1993(11)60012-x},  journal={Journal of Cystic Fibrosis},  author={Bilton, D. and Canny, G. and Conway, S. and Dumcius, S. and Hjelte, L. and Proesmans, M. and Tümmler, B. and Vavrova, V. and De Boeck, K.},  year={2011},  pages={S79-S81}}

@article{smith_2011,  title={Treatment of pulmonary exacerbations in cystic fibrosis},  volume={8},  DOI={10.2217/thy.11.77},  number={6},  journal={Therapy},  author={Smith, Daniel J and Reid, David W and Bell, Scott C},  year={2011},  pages={623-643}}

@article{roehrer_2013,  title={Pilot evaluation of web enabled symptom monitoring in cystic fibrosis},  volume={38},  DOI={10.3109/17538157.2013.812646},  number={4},  journal={Informatics for Health and Social Care},  author={Roehrer, Erin and Cummings, Elizabeth and Beggs, Sean and Turner, Paul and Hauser, Jenny and Micallef, Nicole and Ellis, Leonie and Reid, David},  year={2013},  pages={354-365}}

@article{murgia_2015,  title={Telemedicine Home Program in Patients with Cystic Fibrosis: Results after 10 Years},  DOI={10.7417/T.2015.1905},  journal={La Clinica terapeutica},  author={Murgia, F. and Bianciardi, F. and Solvoll, T. and Carestia, A. and Bella, S.},  year={2015}}

@article{lechtzin_2017,  title={Home Monitoring of Patients with Cystic Fibrosis to Identify and Treat Acute Pulmonary Exacerbations. eICE Study Results},  volume={196},  DOI={10.1164/rccm.201610-2172oc},  number={9},  journal={American Journal of Respiratory and Critical Care Medicine},  author={Lechtzin, Noah and Mayer-Hamblett, Nicole and West, Natalie E. and Allgood, Sarah and Wilhelm, Ellen and Khan, Umer and Aitken, Moira L. and Ramsey, Bonnie W. and Boyle, Michael P. and Mogayzel, Peter J. et al.},  year={2017},  pages={1144-1151}}

@article{calthorpe_2019,  title={Using digital technology for home monitoring, adherence and self-management in cystic fibrosis: a state-of-the-art review},  volume={75},  DOI={10.1136/thoraxjnl-2019-213233},  number={1},  journal={Thorax},  author={Calthorpe, Rebecca Jane and Smith, Sherie and Gathercole, Katie and Smyth, Alan Robert},  year={2019},  pages={72-77}}

@article{gartner_2019, title={Follow-up protocol of patients with cystic fibrosis diagnosed by newborn screening}, volume={90}, DOI={10.1016/j.anpedi.2018.11.009}, number={4}, journal={Anales de Pediatría (English Edition)}, author={Gartner, Silvia and Mondéjar-López, Pedro and Asensio de la Cruz, Óscar}, year={2019}, pages={251.e1-251.e10}}

@article{rogers_2020, title={The impact of CFTR modulator therapies on CF airway microbiology},volume={19}, DOI={10.1016/j.jcf.2019.07.008}, number={3}, journal={Journal of Cystic Fibrosis},author={Rogers, Geraint B. and Taylor, Steven L. and Hoffman, Lucas R. and Burr, Lucy D.}, year={2020}, pages={359-364}}

% treatment overview
@article{giron_2021, title={Treatment of pulmonary disease of cystic fibrosis: A comprehensive review}, volume={10}, DOI={10.3390/antibiotics10050486}, number={5}, journal={Antibiotics}, author={Girón Moreno, Rosa María and García-Clemente, Marta and Diab-Cáceres, Layla and Martínez-Vergara, Adrián and Martínez-García, Miguel Ángel and Gómez-Punter, Rosa Mar}, year={2021}, pages={486}} 

% LC
@article{fuchs_2009, title={Lung clearance index: Normal values, repeatability, and reproducibility in healthy children and adolescents}, volume={44}, DOI={10.1002/ppul.21093}, number={12}, journal={Pediatric Pulmonology}, author={Fuchs, Susanne I. and Eder, Johannes and Ellemunter, Helmut and Gappa, Monika}, year={2009}, pages={1180–1185}} 

% recovery
@article{cantin_2015, title={Inflammation in cystic fibrosis lung disease: Pathogenesis and therapy}, volume={14}, DOI={10.1016/j.jcf.2015.03.003}, number={4}, journal={Journal of Cystic Fibrosis}, author={Cantin, André M. and Hartl, Dominik and Konstan, Michael W. and Chmiel, James F.}, year={2015}, pages={419–430}} 

@article{sanders_2010,  title={Failure to Recover to Baseline Pulmonary Function after Cystic Fibrosis Pulmonary Exacerbation},  volume={182},  DOI={10.1164/rccm.200909-1421oc},  number={5},  journal={American Journal of Respiratory and Critical Care Medicine},  author={Sanders, Don B. and Bittner, Rachel C. L. and Rosenfeld, Margaret and Hoffman, Lucas R. and Redding, Gregory J. and Goss, Christopher H.},  year={2010},  pages={627-632}}

@article{morgan_2017,  title={Relationship of Antibiotic Treatment to Recovery after Acute FEV1 Decline in Children with Cystic Fibrosis},  volume={14},  DOI={10.1513/annalsats.201608-615oc},  number={6},  journal={Annals of the American Thoracic Society},  author={Morgan, Wayne J. and Wagener, Jeffrey S. and Pasta, David J. and Millar, Stefanie J. and VanDevanter, Donald R. and Konstan, Michael W.},  year={2017},  pages={937-942}}

@article{sanders_2017,  title={Poor recovery from cystic fibrosis pulmonary exacerbations is associated with poor long-term outcomes},  volume={52},  DOI={10.1002/ppul.23765},  number={10},  journal={Pediatric Pulmonology},  author={Sanders, Don B. and Zhao, Qianqian and Li, Zhanhai and Farrell, Philip M.},  year={2017},  pages={1268-1275}}

% variability
@article{cooper_1990,  title={Variability of pulmonary function tests in cystic fibrosis},  volume={8},  DOI={10.1002/ppul.1950080107},  number={1},  journal={Pediatric Pulmonology},  author={Cooper, Peter J. and Robertson, Colin F. and Hudson, Irene L. and Phelan, Peter D.},  year={1990},  pages={16-22}}

@article{jifon_2009,  title={Lung function variability in cystic fibrosis},  volume={8},  DOI={10.1016/s1569-1993(09)60241-1},  journal={Journal of Cystic Fibrosis},  author={Jifon, G. and Spencer, E.M. and Greenwood, J. and Ledson, M.J. and Walshaw, M.J.},  year={2009},  pages={S61}}

% ML
@article{damian,title={Machine learning predicts acute pulmonary exacerbations in Cystic Fibrosis},author={Sutcliffe, D.E. and Ukor, E-F. and Ryan, J. and Allen, J.M. and Brown, K. and Bell, N. and Bilton, D. and Daniels, T. and Elston, C. and Haworth, C.S. et al.}}

@article{neal_1998,  title={A View of the EM Algorithm that Justifies Incremental, Sparse, and other Variants},  volume={89},  DOI={10.1007/978-94-011-5014-9_12},  journal={Jordan M.I. (eds) Learning in Graphical Models. NATO ASI Series (Series D: Behavioural and Social Sciences)},  author={Neal, R.M. and Hinton, G.E.},  year={1998}}

@book{billard_2018, title={Machine Learning Techniques - Short Version for the Applied Machine Learning Course}, publisher={EPFL}, author={Billard, Aude G.}, year={2018}}

@book{olhede_2018, title={Statistics for Data Science}, publisher={EPFL}, author={Olhede, Sofia}, year={2018}}

% stats
@article{brown_1974,  title={Robust Tests for the Equality of Variances},  volume={69},  DOI={10.1080/01621459.1974.10482955},  number={346},  journal={Journal of the American Statistical Association},  author={Brown, Morton B. and Forsythe, Alan B.},  year={1974},  pages={364-367}}

@article{imoto_2003,  title={Selection of smoothing parameters in B-spline nonparametric regression models using information criteria},  volume={55},  DOI={10.1007/bf02523388},  number={4},  journal={Annals of the Institute of Statistical Mathematics},  author={Imoto, Seiya and Konishi, Sadanori},  year={2003},  pages={671-687}}

@article{ruiz_2020,  title={The great multivariate time series classification bake off: a review and experimental evaluation of recent algorithmic advances},  volume={35},  DOI={10.1007/s10618-020-00727-3},  number={2},  journal={Data Mining and Knowledge Discovery},  author={Ruiz, Alejandro Pasos and Flynn, Michael and Large, James and Middlehurst, Matthew and Bagnall, Anthony},  year={2020},  pages={401-449}}

% unused

% predictive classifier
@article{paggiaro_2004,  title={Does Early Treatment of Exacerbation Improve Outcome in Chronic Obstructive Pulmonary Disease?},  volume={169},  DOI={10.1164/rccm.2404001},  number={12},  journal={American Journal of Respiratory and Critical Care Medicine},  author={Paggiaro, Pierluigi},  year={2004},  pages={1267-1268}}
% infection prevention
@article{saiman_2014,  title={Infection Prevention and Control Guideline for Cystic Fibrosis: 2013 Update},  volume={35},  DOI={10.1086/676882},  number={S1},  journal={Infection Control & Hospital Epidemiology},  author={Saiman, Lisa and Siegel, Jane D. and LiPuma, John J. and Brown, Rebekah F. and Bryson, Elizabeth A. and Chambers, Mary Jo and Downer, Veronica S. and Fliege, Jill and Hazle, Leslie A. and Jain, Manu et al.},  year={2014},  pages={s1-s67}}
% 1 covid paper, should find more recent
@article{adeboyeku_2011,  title={Twice vs three-times daily antibiotics in the treatment of pulmonary exacerbations of cystic fibrosis},  volume={10},  DOI={10.1016/j.jcf.2010.09.003},  number={1},  journal={Journal of Cystic Fibrosis},  author={Adeboyeku, D. and Jones, A.L. and Hodson, M.E.},  year={2011},  pages={25-30}}